<collection>
<record>
<leader>07820cpcaa22011177a 4500</leader>
<controlfield tag="001">13593603</controlfield>
<controlfield tag="005">20200311075702.0</controlfield>
<controlfield tag="008">040514i19381969dcu eng </controlfield>
<datafield ind1=" " ind2=" " tag="906">
<subfield code="a">7</subfield>
<subfield code="b">cbc</subfield>
<subfield code="c">orignew</subfield>
<subfield code="d">u</subfield>
<subfield code="e">ncip</subfield>
<subfield code="f">20</subfield>
<subfield code="g">y-folklife</subfield>
</datafield>
<datafield ind1=" " ind2=" " tag="955">
<subfield code="a">
mkru 2004-05-14; mkru 2004-05-24; mkru 2004-07-30; mkru 2005-07-12; mkru 2010-02-12; cker 2012-03-10;
</subfield>
<subfield code="a">mkru 2013-09-23</subfield>
<subfield code="a">mkru 2014-08-07</subfield>
<subfield code="a">mkru 2016-01-20</subfield>
<subfield code="a">mkru 2017-04-10</subfield>
<subfield code="a">mkru 2018-04-18</subfield>
<subfield code="a">mseg 2020-03-04</subfield>
<subfield code="a">mseg 2020-03-06</subfield>
<subfield code="a">mseg 2020-03-11</subfield>
</datafield>
<datafield ind1=" " ind2=" " tag="010">
<subfield code="a"> 2004695171</subfield>
</datafield>
<datafield ind1="2" ind2="0" tag="033">
<subfield code="a">1938----</subfield>
<subfield code="a">1969----</subfield>
</datafield>
<datafield ind1=" " ind2=" " tag="040">
<subfield code="a">DLC</subfield>
<subfield code="c">DLC</subfield>
<subfield code="e">appm</subfield>
<subfield code="d">DLC</subfield>
</datafield>
<datafield ind1="0" ind2=" " tag="041">
<subfield code="a">eng</subfield>
<subfield code="d">eng</subfield>
<subfield code="d">moh</subfield>
</datafield>
<datafield ind1=" " ind2=" " tag="043">
<subfield code="a">n-us---</subfield>
<subfield code="a">n-usn--</subfield>
<subfield code="a">n-usa--</subfield>
</datafield>
<datafield ind1=" " ind2=" " tag="090">
<subfield code="a">
AFS 15261-15384; AFS 15385-15400; AFS 15564-15565; AFS 17769 (originals)
</subfield>
</datafield>
<datafield ind1=" " ind2=" " tag="090">
<subfield code="a">
LWO 1490 r1-3; LWO 7096 r1-16; LWO 7273 r1-2; LWO 8617 (preservation masters)
</subfield>
</datafield>
<datafield ind1=" " ind2=" " tag="090">
<subfield code="a">
AFS 10055-10057; AFS 15365-15368 (listening copies)
</subfield>
</datafield>
<datafield ind1=" " ind2=" " tag="090">
<subfield code="a">AFC 1950/002</subfield>
</datafield>
<datafield ind1="0" ind2="0" tag="245">
<subfield code="a">Anne and Frank Warner collection,</subfield>
<subfield code="f">1938-1969 /</subfield>
<subfield code="c">collected by Anne and Frank Warner.</subfield>
</datafield>
<datafield ind1=" " ind2=" " tag="260">
<subfield code="c">1938-1969.</subfield>
</datafield>
<datafield ind1=" " ind2=" " tag="300">
<subfield code="a">105 sound discs :</subfield>
<subfield code="b">analog.</subfield>
</datafield>
<datafield ind1=" " ind2=" " tag="300">
<subfield code="a">17 sound tape reels :</subfield>
<subfield code="b">analog ;</subfield>
<subfield code="c">7 in.</subfield>
</datafield>
<datafield ind1=" " ind2=" " tag="300">
<subfield code="a">2 sound tape reels :</subfield>
<subfield code="b">analog ;</subfield>
<subfield code="c">5 in.</subfield>
</datafield>
<datafield ind1=" " ind2=" " tag="300">
<subfield code="3">graphic materials</subfield>
<subfield code="a">15 photographs :</subfield>
<subfield code="b">photographic prints, negatives, black and white ;</subfield>
<subfield code="c">various sizes.</subfield>
</datafield>
<datafield ind1=" " ind2=" " tag="300">
<subfield code="3">manuscripts</subfield>
<subfield code="a">1</subfield>
<subfield code="f">container (2.5 linear in.; 2 folders)</subfield>
</datafield>
<datafield ind1=" " ind2=" " tag="500">
<subfield code="a">
Due to their limited budget for equipment and supplies, the Warners sometimes recorded only a portion of a song; the remainder was transcribed by Anne Warner.
</subfield>
</datafield>
<datafield ind1=" " ind2=" " tag="500">
<subfield code="a">
Sound recordings numbered: AFS 15261-15384; AFS 10055-10057; AFS 15385-15400; AFS 15564-15565; AFS 17769; preservation tape reels: LWO 1490 reels 1-3; LWO 7096 reels 1-16; LWO 7273 reels 1-2; LWO 8617; reference copies: AFS 10055-10057; AFS 15365-15368.
</subfield>
</datafield>
<datafield ind1="0" ind2=" " tag="511">
<subfield code="a">
Various performers and speakers including Frank Proffitt, Frank Proffitt, Sr., Ray Hicks and Hicks family, Rebecca Jones, Joseph Henry Johnson, Sue Thomas, John Galusha, Mrs. Lena Bourne Fish, Louis Solomon, Happy Lynch, Pvt. Richard O. Hamilton, Priscilla Dyer, Mrs. Williams, Roy Walworth and Ralph Martin, Pop Adams, J. E. Paul, Edith Perrin, Elda Blackwood, Tom Smith, Jared Van Wagenen, Deac Martin, Burl Ives, Mrs. C. K. Tillett and family, Steve Wadsworth, and many others.
</subfield>
</datafield>
<datafield ind1=" " ind2=" " tag="520">
<subfield code="a">
Field recordings and photographs made by Anne and Frank Warner documenting folk music and storytelling during trips to Illinois (1941), Massachusetts (1941), New Hampshire (1940-41), New York (1939-41, 1946, 1949-52, 1961, 1969), North Carolina (1938-41, 1944, 1951, 1959), Missouri (1941), Vermont (1940), Virginia (1940), and to some unspecified locations in the Midwest. The songs were collected from descendents of English and Scots-Irish immigrants and from African Americans, some of West Indian descent. Includes songs and stories of Frank Proffitt, Sr. and the extended Hicks family of Beech Mountain, North Carolina. Mohawk songs, chants, war cries, courting, and hunting songs were recorded from Louis Solomon at Hogansburg, St. Regis Mohawk Indian Reservation, New York in 1940-41. Includes Civil War songs Also included are a few interviews with performers, storytelling sessions, and recordings of lectures and readings performed by poet Carl Sandburg in 1950, 1951, and taped from WOR radio in 1953. Fifteen black-and-white photographic prints taken by Frank Warner from 1938-1941 include photographs of Anne Warner making field recordings of performers in North Carolina; and photographs of Frank Proffitt, Sr., the C. K. Tillett family, John Culpeper, Roby Monroe Hicks, Buna Vista Hicks, Rebecca King Jones, Lena Bourne Fish, Mohawk Indians on the St. Regis Reservation, John Galusha, Joseph Henry Johnson, Bill Moss, and Jesse McDonald.
</subfield>
</datafield>
<datafield ind1="8" ind2=" " tag="524">
<subfield code="a">
Anne and Frank Warner collection (AFC 1950/002), Archive of Folk Culture, American Folklife Center, Library of Congress, Washington, D.C.
</subfield>
</datafield>
<datafield ind1="0" ind2=" " tag="506">
<subfield code="a">
Collection is open for research. To request materials, please contact the Folklife Reading Room at
</subfield>
<subfield code="u">http://hdl.loc.gov/loc.afc/folklife.contact</subfield>
</datafield>
<datafield ind1=" " ind2=" " tag="540">
<subfield code="a">
Duplication of the recorded materials may be governed by copyright and other restrictions.
</subfield>
</datafield>
<datafield ind1=" " ind2=" " tag="541">
<subfield code="a">Anne and Frank Warner;</subfield>
<subfield code="c">Donation;</subfield>
<subfield code="d">1950, 1972.</subfield>
</datafield>
<datafield ind1="0" ind2=" " tag="544">
<subfield code="n">
Related Anne and Frank Warner Papers, 1920-2000, are in the
</subfield>
<subfield code="a">
Rare Book, Manuscript, and Special Collections Library, Duke University.
</subfield>
</datafield>
<datafield ind1=" " ind2=" " tag="545">
<subfield code="a">
Anne Locher Warner (1905-1991) and Frank Warner (1903-1978) were folk music collectors and interpreters who gathered over a thousand songs and stories between 1938 and 1969 in the southern Appalachians, the North Carolina Outer Banks, Tidewater Virginia, New England, and Upstate New York.
</subfield>
</datafield>
<datafield ind1=" " ind2=" " tag="546">
<subfield code="a">
Most recordings are in English; some sessions include Mohawk language performances.
</subfield>
</datafield>
<datafield ind1="0" ind2=" " tag="555">
<subfield code="a">
Finding aid is available in the Folklife Reading Room and online
</subfield>
<subfield code="u">http://hdl.loc.gov/loc.afc/eadafc.af005001</subfield>
</datafield>
<datafield ind1="1" ind2="0" tag="600">
<subfield code="a">Warner, Anne</subfield>
<subfield code="x">Ethnomusicological collections.</subfield>
</datafield>
<datafield ind1="1" ind2="0" tag="600">
<subfield code="a">Warner, Frank,</subfield>
<subfield code="d">1903-1978</subfield>
<subfield code="x">Ethnomusicological collections.</subfield>
</datafield>
<datafield ind1="1" ind2="0" tag="600">
<subfield code="a">Warner, Frank,</subfield>
<subfield code="d">1903-1978</subfield>
<subfield code="v">Correspondence.</subfield>
</datafield>
<datafield ind1="3" ind2="0" tag="600">
<subfield code="a">Hicks family.</subfield>
</datafield>
<datafield ind1="2" ind2="0" tag="610">
<subfield code="a">St. Regis Band of Mohawk Indians of New York</subfield>
<subfield code="v">Music.</subfield>
</datafield>
<datafield ind1=" " ind2="0" tag="650">
<subfield code="a">Folk music</subfield>
<subfield code="z">Appalachian Region.</subfield>
</datafield>
<datafield ind1=" " ind2="0" tag="650">
<subfield code="a">Folk music</subfield>
<subfield code="z">New England.</subfield>
</datafield>
<datafield ind1=" " ind2="0" tag="650">
<subfield code="a">Folk music</subfield>
<subfield code="z">United States.</subfield>
</datafield>
<datafield ind1=" " ind2="0" tag="650">
<subfield code="a">Ballads, English</subfield>
<subfield code="z">Appalachian Region.</subfield>
</datafield>
<datafield ind1=" " ind2="0" tag="650">
<subfield code="a">Ballads, English</subfield>
<subfield code="z">New England.</subfield>
</datafield>
<datafield ind1=" " ind2="0" tag="650">
<subfield code="a">Folk songs, English</subfield>
<subfield code="z">North Carolina.</subfield>
</datafield>
<datafield ind1=" " ind2="0" tag="650">
<subfield code="a">Folk songs, English</subfield>
<subfield code="z">New York (State)</subfield>
</datafield>
<datafield ind1=" " ind2="0" tag="650">
<subfield code="a">Folk songs, English</subfield>
<subfield code="z">Virginia.</subfield>
</datafield>
<datafield ind1=" " ind2="0" tag="650">
<subfield code="a">Folk songs, English</subfield>
<subfield code="z">New Hampshire.</subfield>
</datafield>
<datafield ind1=" " ind2="0" tag="650">
<subfield code="a">Folk songs, English</subfield>
<subfield code="z">Missouri.</subfield>
</datafield>
<datafield ind1=" " ind2="0" tag="650">
<subfield code="a">Folk songs, English</subfield>
<subfield code="z">Illinois.</subfield>
</datafield>
<datafield ind1=" " ind2="0" tag="650">
<subfield code="a">Folk songs, English</subfield>
<subfield code="z">Vermont.</subfield>
</datafield>
<datafield ind1=" " ind2="0" tag="650">
<subfield code="a">Folk songs, English</subfield>
<subfield code="z">Massachusetts.</subfield>
</datafield>
<datafield ind1=" " ind2="0" tag="650">
<subfield code="a">African Americans</subfield>
<subfield code="v">Music.</subfield>
</datafield>
<datafield ind1=" " ind2="0" tag="650">
<subfield code="a">British Americans</subfield>
<subfield code="v">Music.</subfield>
</datafield>
<datafield ind1=" " ind2="0" tag="650">
<subfield code="a">Irish Americans</subfield>
<subfield code="v">Music.</subfield>
</datafield>
<datafield ind1=" " ind2="0" tag="650">
<subfield code="a">Mohawk Indians</subfield>
<subfield code="v">Music.</subfield>
</datafield>
<datafield ind1=" " ind2="0" tag="650">
<subfield code="a">Scots-Irish</subfield>
<subfield code="z">United States</subfield>
<subfield code="v">Music.</subfield>
</datafield>
<datafield ind1=" " ind2="0" tag="650">
<subfield code="a">West Indian Americans</subfield>
<subfield code="v">Music.</subfield>
</datafield>
<datafield ind1=" " ind2="0" tag="650">
<subfield code="a">Children's songs, English</subfield>
<subfield code="z">United States.</subfield>
</datafield>
<datafield ind1=" " ind2="0" tag="650">
<subfield code="a">Hymns, English</subfield>
<subfield code="z">United States.</subfield>
</datafield>
<datafield ind1=" " ind2="0" tag="650">
<subfield code="a">Singing games</subfield>
<subfield code="z">United States.</subfield>
</datafield>
<datafield ind1=" " ind2="0" tag="650">
<subfield code="a">Popular music</subfield>
<subfield code="z">United States.</subfield>
</datafield>
<datafield ind1=" " ind2="0" tag="650">
<subfield code="a">Fiddle tunes</subfield>
<subfield code="z">United States.</subfield>
</datafield>
<datafield ind1=" " ind2="0" tag="650">
<subfield code="a">Tales</subfield>
<subfield code="z">United States.</subfield>
</datafield>
<datafield ind1=" " ind2="0" tag="650">
<subfield code="a">Field recordings</subfield>
<subfield code="z">United States.</subfield>
</datafield>
<datafield ind1=" " ind2="0" tag="651">
<subfield code="a">United States</subfield>
<subfield code="x">History</subfield>
<subfield code="y">Civil War, 1861-1865</subfield>
<subfield code="x">Songs and music</subfield>
<subfield code="v">Texts.</subfield>
</datafield>
<datafield ind1=" " ind2="0" tag="651">
<subfield code="a">Beech Mountain (N.C.)</subfield>
<subfield code="x">Social life and customs.</subfield>
</datafield>
<datafield ind1=" " ind2="0" tag="651">
<subfield code="a">Appalachian Region</subfield>
<subfield code="x">Social life and customs.</subfield>
</datafield>
<datafield ind1=" " ind2="7" tag="655">
<subfield code="a">Songs.</subfield>
<subfield code="2">lcgft</subfield>
</datafield>
<datafield ind1=" " ind2="7" tag="655">
<subfield code="a">Ballads.</subfield>
<subfield code="2">lcgft</subfield>
</datafield>
<datafield ind1=" " ind2="7" tag="655">
<subfield code="a">Hymns.</subfield>
<subfield code="2">lcgft</subfield>
</datafield>
<datafield ind1=" " ind2="7" tag="655">
<subfield code="a">Folk tales.</subfield>
<subfield code="2">lcgft</subfield>
</datafield>
<datafield ind1=" " ind2="7" tag="655">
<subfield code="a">Interviews (Sound recordings)</subfield>
<subfield code="2">lcgft</subfield>
</datafield>
<datafield ind1=" " ind2="7" tag="655">
<subfield code="a">Correspondence.</subfield>
<subfield code="2">aat</subfield>
</datafield>
<datafield ind1=" " ind2="7" tag="655">
<subfield code="a">Lectures.</subfield>
<subfield code="2">lcgft</subfield>
</datafield>
<datafield ind1=" " ind2="7" tag="655">
<subfield code="a">Photographs.</subfield>
<subfield code="2">aat</subfield>
</datafield>
<datafield ind1=" " ind2="7" tag="655">
<subfield code="a">Sound recordings.</subfield>
<subfield code="2">lcgft</subfield>
</datafield>
<datafield ind1=" " ind2="7" tag="655">
<subfield code="a">Field recordings.</subfield>
<subfield code="2">lcgft</subfield>
</datafield>
<datafield ind1=" " ind2="7" tag="655">
<subfield code="a">Radio programs.</subfield>
<subfield code="2">lcgft</subfield>
</datafield>
<datafield ind1="1" ind2=" " tag="700">
<subfield code="a">Hicks, Ray,</subfield>
<subfield code="d">1922-2003,</subfield>
<subfield code="e">performer.</subfield>
</datafield>
<datafield ind1="1" ind2=" " tag="700">
<subfield code="a">Proffitt, Frank,</subfield>
<subfield code="e">performer.</subfield>
</datafield>
<datafield ind1="1" ind2=" " tag="700">
<subfield code="a">Proffitt, Frank,</subfield>
<subfield code="c">Jr.,</subfield>
<subfield code="d">1946-2005,</subfield>
<subfield code="e">performer.</subfield>
</datafield>
<datafield ind1="1" ind2=" " tag="700">
<subfield code="a">Sandburg, Carl,</subfield>
<subfield code="d">1878-1967,</subfield>
<subfield code="e">performer.</subfield>
</datafield>
<datafield ind1="1" ind2=" " tag="700">
<subfield code="a">Solomon, Louis,</subfield>
<subfield code="d">1879-</subfield>
<subfield code="e">performer.</subfield>
</datafield>
<datafield ind1="1" ind2=" " tag="700">
<subfield code="a">Ives, Burl,</subfield>
<subfield code="d">1909-1995,</subfield>
<subfield code="e">performer.</subfield>
</datafield>
<datafield ind1="1" ind2=" " tag="700">
<subfield code="a">Warner, Anne,</subfield>
<subfield code="e">collector.</subfield>
</datafield>
<datafield ind1="1" ind2=" " tag="700">
<subfield code="a">Warner, Frank,</subfield>
<subfield code="d">1903-1978,</subfield>
<subfield code="e">collector.</subfield>
</datafield>
<datafield ind1=" " ind2=" " tag="852">
<subfield code="a">Library of Congress</subfield>
<subfield code="b">Archive of Folk Culture, American Folklife Center,</subfield>
<subfield code="e">
101 Independence Ave. S.E., Washington, DC USA 20540-4610
</subfield>
<subfield code="u">http://hdl.loc.gov/loc.afc/folklife.home</subfield>
</datafield>
<datafield ind1="4" ind2="2" tag="856">
<subfield code="3">Finding aid</subfield>
<subfield code="u">http://hdl.loc.gov/loc.afc/eadafc.af005001</subfield>
</datafield>
<datafield ind1=" " ind2=" " tag="985">
<subfield code="a">afc/ead</subfield>
</datafield>
<datafield ind1=" " ind2=" " tag="985">
<subfield code="a">afc/coll</subfield>
</datafield>
<datafield ind1=" " ind2=" " tag="985">
<subfield code="a">afc/nac</subfield>
</datafield>
</record>
</collection>